<record><leader>00000cas a22000007a 4500</leader><controlfield tag="001">13779288</controlfield><controlfield tag="008">860625d18621864aluwr ne      0    0eng d</controlfield><datafield ind1=" " ind2=" " tag="010"><subfield code="a">sn 86050258 </subfield></datafield><datafield ind1=" " ind2=" " tag="040"><subfield code="a">AAR</subfield><subfield code="b">eng</subfield><subfield code="c">AAR</subfield><subfield code="d">CPN</subfield><subfield code="d">OCLCQ</subfield></datafield><datafield ind1=" " ind2=" " tag="042"><subfield code="a">msc</subfield></datafield><datafield ind1="0" ind2="4" tag="245"><subfield code="a">The Whig and observer.</subfield></datafield><datafield ind1="1" ind2="7" tag="246"><subfield code="a">Whig &amp; observer</subfield></datafield><datafield ind1=" " ind2=" " tag="260"><subfield code="a">Eutaw, Ala. :</subfield><subfield code="b">T.J. Anderson &amp; Wm. O. Monroe</subfield></datafield><datafield ind1=" " ind2=" " tag="300"><subfield code="a">v. ;</subfield><subfield code="c">50 cm.</subfield></datafield><datafield ind1="1" ind2=" " tag="362"><subfield code="a">Began in 1862? Ceased in 1864.</subfield><subfield code="z">Cf. Ellison, R.C. Hist. and bibl. of Ala. newspapers in the nineteenth century.</subfield></datafield><datafield ind1=" " ind2=" " tag="588"><subfield code="a">Description based on: Vol. 23, no. 23 (July 24, 1862) = whole no. 389.</subfield></datafield><datafield ind1=" " ind2=" " tag="752"><subfield code="a">United States</subfield><subfield code="b">Alabama</subfield><subfield code="c">Greene</subfield><subfield code="d">Eutaw.</subfield></datafield><datafield ind1="0" ind2="0" tag="780"><subfield code="t">Alabama Whig</subfield><subfield code="w">(DLC)sn 84023480</subfield></datafield><datafield ind1="0" ind2="0" tag="785"><subfield code="t">Eutaw Whig and observer</subfield><subfield code="w">(DLC)sn 84023481</subfield></datafield></record>